<?xml version="1.0" encoding="UTF-8"?><collection xmlns="http://www.loc.gov/MARC21/slim"><record><leader>00387nam--2200157-u-4500</leader><controlfield tag="001">000051850</controlfield><controlfield tag="002">20161230</controlfield><controlfield tag="005">20170108232102</controlfield><controlfield tag="008">090318s1000------------r-----000-0-eng-d</controlfield><datafield ind1=" " ind2=" " tag="040"><subfield code="a">IFIN-HH</subfield></datafield><datafield ind1=" " ind2=" " tag="080"><subfield code="a">517.977</subfield></datafield><datafield ind1="1" ind2=" " tag="100"><subfield code="a">Krylov, N. V</subfield></datafield><datafield ind1="1" ind2="0" tag="245"><subfield code="a">Upravlyaemye Protsessy Diffuzionnogo Tipa</subfield></datafield><datafield ind1=" " ind2=" " tag="260"><subfield code="a">Moskva</subfield><subfield code="b">Nauka</subfield><subfield code="c">1977</subfield></datafield><datafield ind1=" " ind2=" " tag="852"><subfield code="a">47359</subfield><subfield code="c">517.9</subfield></datafield><datafield ind1=" " ind2=" " tag="CAT"><subfield code="a">SYS</subfield><subfield code="c">20170108</subfield><subfield code="h">232102</subfield></datafield></record></collection>